@article{Anonymous:b6sAdKbe,
  author = {Somenzi, Fabio and Bloem, Roderick},
  title = {{Efficient B{\"u}chi Automata from LTL Formulae.}},
  journal = {CAV},
  year = {2000},
  volume = {1855},
  number = {Chapter 21},
  pages = {248--263}
}

@article{TomasBabiak:2012uz,
  author = {Babiak, T and K{\v{r}}et{\'\i}nsk{\'{y}}, M and {\v{R}}eh{\'a}k, V and Strej{\v c}ek, J},
  title = {{LTL to B{\"u}chi automata translation: Fast and more deterministic}},
  journal = {Mathematical Foundations of Computer Science 2003},
  year = {2012},
  volume = {7214},
  number = {Chapter 8},
  pages = {95--109}
}